% STUDIES

@article{dichev_2017_gamifying,
  author = {Dichev, Christo and Dicheva, Darina},
  month = {02},
  title = {Gamifying education: what is known, what is believed and what remains uncertain: a critical review},
  doi = {10.1186/s41239-017-0042-5},
  url = {https://link.springer.com/article/10.1186/s41239-017-0042-5},
  volume = {14},
  year = {2017},
  journal = {International Journal of Educational Technology in Higher Education}
}

@article{smiderle_2020_the,
  author = {Smiderle, Rodrigo and Rigo, Sandro José and Marques, Leonardo B. and Peçanha de Miranda Coelho, Jorge Arthur and Jaques, Patricia A.},
  month = {01},
  title = {The impact of gamification on students' learning, engagement and behavior based on their personality traits},
  doi = {10.1186/s40561-019-0098-x},
  volume = {7},
  year = {2020},
  journal = {Smart Learning Environments}
}

@article{nand_2019_engaging,
  author = {Nand, Kalpana and Baghaei, Nilufar and Casey, John and Barmada, Bashar and Mehdipour, Farhad and Liang, Hai-Ning},
  month = {07},
  title = {Engaging children with educational content via Gamification},
  doi = {10.1186/s40561-019-0085-2},
  volume = {6},
  year = {2019},
  journal = {Smart Learning Environments}
}

% SIMILAR GAMES

@misc{a2022_scratch,
  title = {Scratch - About},
  url = {https://scratch.mit.edu/about/},
  urldate = {2022-04-18},
  year = {2022},
  organization = {Mit.edu}
}

@misc{a2022_khan,
  title = {Khan Academy},
  url = {https://www.khanacademy.org},
  urldate = {2022-04-18},
  year = {2022},
  organization = {Khanacademy.org}
}

@misc{a2022_codecombat,
  title = {CodeCombat},
  url = {https://codecombat.com},
  urldate = {2022-04-18},
  year = {2022},
  organization = {CodeCombat}
}

@misc{a2022_minecraft,
  month = {04},
  title = {Minecraft Official Site},
  url = {https://www.minecraft.net/en-us},
  urldate = {2022-04-18},
  year = {2022},
  organization = {Minecraft.net}
}

@misc{a2022_zachtronics,
  title = {Zachtronics | Opus Magnum},
  url = {https://www.zachtronics.com/opus-magnum/},
  urldate = {2022-04-18},
  year = {2022},
  organization = {Zachtronics.com}
}

@misc{a2022_tomorrow,
  title = {Tomorrow Corporation  :  7 Billion Humans},
  url = {https://tomorrowcorporation.com/7billionhumans},
  urldate = {2022-04-18},
  year = {2022},
  organization = {Tomorrowcorporation.com}
}

% DESIGN

@book{martin_2018_clean_architecture,
  author = {Martin, Robert C},
  publisher = {Prentice Hall},
  title = {Clean Architecture: A Craftsman's Guide to Software Structure and Design},
  year = {2018},
  isbn = {0134494164}
}

@book{martin_2010_clean_code,
  author = {Martin, Robert C},
  publisher = {Prentice Hall},
  title = {Clean Code: A Handbook of Agile Software Craftsmanship},
  year = {2010},
  isbn = {9780132350884}
}

@book{gamma_1994_design,
  author = {Gamma, Erich and Helm, Richard and Johnson, Ralph and Vlissides, John},
  publisher = {Addison-Wesley},
  title = {Design Patterns: Elements of Reusable Object-Oriented Software},
  year = {1994},
  isbn = {9780201633610}
}

@misc{a2021_clean_architecture_blog,
  title = {The Clean Architecture},
  author = {Martin, Robert C},
  url = {https://blog.cleancoder.com/uncle-bob/2012/08/13/the-clean-architecture.html},
  urldate = {2022-04-21},
  year = {2021},
  organization = {Cleancoder.com}
}

@misc{a2022_crossorigin,
  month = {04},
  title = {Cross-Origin Resource Sharing (CORS) - HTTP | MDN},
  url = {https://developer.mozilla.org/en-US/docs/Web/HTTP/CORS},
  urldate = {2022-04-23},
  year = {2022},
  organization = {Mozilla.org}
}

@misc{leler_2017_whats,
  author = {Leler, Wm},
  month = {08},
  title = {What's Revolutionary about Flutter},
  url = {https://hackernoon.com/whats-revolutionary-about-flutter-946915b09514},
  urldate = {2022-04-23},
  year = {2017},
  organization = {Hackernoon.com}
}

@misc{a2022_react,
  title = {React Native · Learn once, write anywhere},
  url = {https://reactnative.dev/},
  urldate = {2022-04-23},
  year = {2022},
  organization = {Reactnative.dev}
}

@misc{a2022_flutter,
  title = {Flutter - Build apps for any screen},
  url = {https://flutter.dev/},
  urldate = {2022-04-23},
  year = {2022},
  organization = {Flutter.dev}
}

@misc{sells_2021_whats,
  author = {Sells, Chris},
  month = {03},
  publisher = {Flutter},
  title = {What's New in Flutter 2},
  url = {https://medium.com/flutter/whats-new-in-flutter-2-0-fe8e95ecc65},
  urldate = {2022-04-23},
  year = {2021},
  organization = {Medium}
}

@misc{a2022_flutter_architecture,
  title = {Flutter architectural overview},
  url = {https://docs.flutter.dev/resources/architectural-overview},
  urldate = {2022-04-23},
  year = {2022},
  organization = {Flutter.dev}
}

@misc{skia_2022_skia,
  author = {Skia},
  title = {Skia},
  url = {https://skia.org/},
  urldate = {2022-04-23},
  year = {2022},
  organization = {Skia}
}

@misc{a2022_flutter_declarative,
  title = {Start thinking declaratively},
  url = {https://docs.flutter.dev/development/data-and-backend/state-mgmt/declarative},
  urldate = {2022-04-23},
  year = {2022},
  organization = {Flutter.dev}
}

@misc{a2022_differentiate,
  title = {Differentiate between ephemeral state and app state},
  url = {https://docs.flutter.dev/development/data-and-backend/state-mgmt/ephemeral-vs-app},
  urldate = {2022-04-23},
  year = {2022},
  organization = {Flutter.dev}
}

@misc{brianegan_2021_fluttercommunityreduxdart,
  author = {Brian Egan},
  month = {03},
  title = {fluttercommunity/redux.dart: Redux for Dart},
  url = {https://github.com/fluttercommunity/redux.dart},
  urldate = {2022-04-23},
  year = {2021}
}

@misc{paolosoares_2018_flutter,
  author = {Paolo Soares},
  month = {01},
  title = {Flutter / AngularDart -- Code sharing, better together (DartConf 2018)},
  url = {https://www.youtube.com/watch?v=PLHln7wHgPE&ab_channel=GoogleDevelopers},
  urldate = {2022-04-23},
  year = {2018},
  organization = {YouTube}
}

@misc{angelov_2022_bloc,
  author = {Angelov, Felix},
  title = {Bloc State Management Library},
  url = {https://bloclibrary.dev},
  urldate = {2022-04-23},
  year = {2022},
  organization = {Bloclibrary.dev}
}

@misc{a2022_mobxdart,
  title = {MobX.dart},
  url = {https://mobx.netlify.app},
  urldate = {2022-04-23},
  year = {2022},
  organization = {MobX.dart}
}

@misc{a2022_aspnet,
  title = {ASP.NET Web APIs | Rest APIs with .NET and C\#},
  url = {https://dotnet.microsoft.com/en-us/apps/aspnet/apis},
  urldate = {2022-04-23},
  year = {2022},
  organization = {Microsoft}
}

@misc{a2021_overview,
  month = {05},
  title = {Overview of Entity Framework Core - EF Core},
  url = {https://docs.microsoft.com/en-us/ef/core/},
  urldate = {2022-04-23},
  year = {2021},
  organization = {Microsoft.com}
}

@misc{a2022_creating,
  month = {03},
  title = {Creating and configuring a model - EF Core},
  url = {https://docs.microsoft.com/en-us/ef/core/modeling/},
  urldate = {2022-04-23},
  year = {2022},
  organization = {Microsoft.com}
}

@misc{lin_2018_tuck,
  author = {Lin, Joyce},
  month = {09},
  publisher = {Better Practices},
  title = {Tuck in your APIs safe and sound with these guiding principles for API security},
  url = {https://medium.com/better-practices/tuck-in-your-apis-safe-and-sound-with-these-guiding-principles-for-api-security-cd69f71c291e},
  urldate = {2022-04-23},
  year = {2018},
  organization = {Medium}
}

@misc{a2018_difference_db,
  month = {10},
  title = {Difference between SQL and NoSQL - GeeksforGeeks},
  url = {https://www.geeksforgeeks.org/difference-between-sql-and-nosql/},
  urldate = {2022-04-23},
  year = {2018},
  organization = {GeeksforGeeks}
}

@misc{a2010_enterprise,
  month = {12},
  title = {Enterprise .Net - Inheritance with EF Code First: Part 1 - Table per Hierarchy (TPH)},
  url = {https://weblogs.asp.net/manavi/inheritance-mapping-strategies-with-entity-framework-code-first-ctp5-part-1-table-per-hierarchy-tph},
  urldate = {2022-04-23},
  year = {2010},
  organization = {Asp.net}
}

@misc{a2022_material,
  title = {material library - Dart API},
  url = {https://api.flutter.dev/flutter/material/material-library.html},
  urldate = {2022-04-24},
  year = {2022},
  organization = {Flutter.dev}
}

@misc{ryan_2020_navigator,
  author = {Ryan, John},
  month = {09},
  publisher = {Flutter},
  title = {Learning Flutter's new navigation and routing system},
  url = {https://medium.com/flutter/learning-flutters-new-navigation-and-routing-system-7c9068155ade},
  urldate = {2022-04-25},
  year = {2020},
  organization = {Medium}
}

@misc{kietay_2021_navigator,
  author = {kietay},
  month = {03},
  title = {Flutter Navigator 2.0 (Pages API) Simply Explained},
  url = {https://www.youtube.com/watch?v=rHbQD8ccM_g&t=2s&ab_channel=kietay},
  urldate = {2022-04-25},
  year = {2021},
  organization = {YouTube}
}

@misc{moran_2019_usability,
  author = {Moran, Kate},
  month = {12},
  title = {Usability Testing 101},
  url = {https://www.nngroup.com/articles/usability-testing-101/},
  urldate = {2022-04-22},
  year = {2019},
  organization = {Nielsen Norman Group}
}





% maybe:


@incollection{database,
  author = {Robert Harvey},
  booktitle = {Stack Overflow},
  month = {03},
  title = {Why use a database instead of just saving your data to disk?},
  url = {https://softwareengineering.stackexchange.com/a/190483/265114},
  urldate = {2020-03-28},
  year = {2013}
}

@online{sql_nosql,
  author = {Amit Ashwini},
  month = {11},
  title = {Should You Use NoSQL Or SQL Db Or Both?},
  url = {https://www.cognitiveclouds.com/insights/should-you-use-a-nosql-db-sql-database-or-both/},
  urldate = {2020-04-02},
  year = {2017}
}
